@article{knuth84,
  author = {Knuth, Donald E.},
  title = {Literate Programming},
  year = {1984},
  issue_date = {May 1984},
  publisher = {Oxford University Press, Inc.},
  address = {USA},
  volume = {27},
  number = {2},
  issn = {0010-4620},
  url = {https://doi.org/10.1093/comjnl/27.2.97},
  doi = {10.1093/comjnl/27.2.97},
  journal = {Comput. J.},
  month = may,
  pages = {97–111},
  numpages = {15}
}


@book{Montgomery2012Statistical,
	author = {{Montgomery}, Douglas C.},
	isbn = {9781118146811},
  edition = {7},
	year = {2012},
	publisher = {John Wiley \& Sons},
	title = {Statistical {Quality} {Control}},
  pages = {774}
}

@book{Carpinetti2003,
  author = {Luiz C. R. {Carpinetti}},
  title = {Controle da Qualidade de Processo},
  edition = {2},
  year = {2003},
  adress = {São Carlos},
  publisher = {Universidade de São Paulo},
  pages = {213}
}

@BOOK{Ramos2013,
  title     = {Controle Estat{\'\i}stico da Qualidade},
  author    = {{Ramos}, Edson Marcos Leal and {de Almeida}, Silvia dos Santos and {Araujo}, Adrilayne dos Reis},
  publisher = {Bookman},
  year = {2013},
  pages = {160}
}


@misc{Botter2013,
  author = {Denise Aparecida {Botter}},
  howpublished = {Notas de Aula},
  title = {Inspeção de Qualidade},
  url ={https://www.ime.usp.br/~botter/mae532/Inspecao.pdf},
  year = {2013}
}

@misc{ufpr,
	author = {César {Taconeli} and Walmes {Zeviani}},
	title = {{G}ráficos de {C}ontrole},
	howpublished = {\url{http://www.leg.ufpr.br/~walmes/ensino/CEQ/slides/03-grafico-de-controle.pdf}},
  year = {2019},
	note = {[Acesso em: 07 set. 2025]},
}

@misc{rbloggersEstimatingControl,
	author = {Kenith {Grey}},
	title = {{E}stimating {C}ontrol {C}hart {C}onstants with {R} --- r-bloggers.com},
	howpublished = {\url{https://www.r-bloggers.com/2018/10/estimating-control-chart-constants-with-r/}},
	year = {2018},
	note = {[Acesso em: 07 set. 2025]},
}
